<?xml version="1.0" encoding="UTF-8"?><collection xmlns="http://www.loc.gov/MARC21/slim"><record><leader>00491nam--2200181-i-4500</leader><controlfield tag="001">000024116</controlfield><controlfield tag="002">20161230</controlfield><controlfield tag="005">20161230201035</controlfield><controlfield tag="008">060222s1000------------r-----000-0-ger-d</controlfield><datafield ind1=" " ind2=" " tag="040"><subfield code="a">IFIN-HH</subfield></datafield><datafield ind1=" " ind2=" " tag="041"><subfield code="a">ger</subfield></datafield><datafield ind1="1" ind2=" " tag="100"><subfield code="a">Stumpff, Karl</subfield></datafield><datafield ind1="1" ind2="0" tag="245"><subfield code="a">Himmelsmechanik</subfield><subfield code="b">Band iii. allgemeine storungen</subfield><subfield code="c">Karl Stumpff</subfield></datafield><datafield ind1=" " ind2=" " tag="260"><subfield code="a">Berlin, Veb Deutscher Verlag, 1974</subfield></datafield><datafield ind1=" " ind2=" " tag="300"><subfield code="a">600 p</subfield></datafield><datafield ind1=" " ind2=" " tag="490"><subfield code="a">Hochschulbucher Fur Physik</subfield><subfield code="v">Band 41</subfield></datafield><datafield ind1=" " ind2=" " tag="852"><subfield code="a">49869</subfield><subfield code="c">531</subfield></datafield><datafield ind1=" " ind2=" " tag="CAT"><subfield code="a">Sys</subfield><subfield code="c">20100630</subfield><subfield code="h">131328</subfield></datafield></record></collection>